@article{sgci,
  title={Science gateways today and tomorrow: positive perspectives of nearly 5000 members of the research community},
  author={Lawrence, Katherine A and Zentner, Michael and Wilkins-Diehr, Nancy and Wernert, Julie A and Pierce, Marlon and Marru, Suresh and Michael, Scott},
  journal={Concurrency and Computation: Practice and Experience},
  volume={27},
  number={16},
  pages={4252--4268},
  year={2015},
  publisher={Wiley Online Library}
}

@techreport{scigap,
  title={Science Gateway Operational Sustainability: Adopting a Platform-as-a Service Approach},
  author={Pierce, Marlon and Marru, Suresh and Miller, Mark A and Majumdar, Amit and Demeler, Borries},
  year={2013}
}

@inproceedings{airavata,
  title={Apache airavata: a framework for distributed applications and computational workflows},
  author={Marru, Suresh and Gunathilake, Lahiru and Herath, Chathura and Tangchaisin, Patanachai and Pierce, Marlon and Mattmann, Chris and Singh, Raminder and Gunarathne, Thilina and Chinthaka, Eran and Gardler, Ross and others},
  booktitle={Proceedings of the 2011 ACM workshop on Gateway computing environments},
  pages={21--28},
  year={2011},
  organization={ACM}
}

@article{christie2017using,
  title={Using Keycloak for Gateway Authentication and Authorization},
  author={Christie, Marcus A and Bhandar, Anuj and Nakandala, Supun and Marru, Suresh and Abeysinghe, Eroma and Pamidighantam, Sudhakar and Pierce, Marlon E},
  year={2017}
}

@article{basney2014cilogon,
  title={CILogon: A federated X. 509 certification authority for cyberinfrastructure logon},
  author={Basney, Jim and Fleury, Terry and Gaynor, Jeff},
  journal={Concurrency and Computation: Practice and Experience},
  volume={26},
  number={13},
  pages={2225--2239},
  year={2014},
  publisher={Wiley Online Library}
}

@inproceedings{kanewala2014credential,
  title={A credential store for multi-tenant science gateways},
  author={Kanewala, Thejaka Amila and Marru, Suresh and Basney, Jim and Pierce, Marlon},
  booktitle={Cluster, Cloud and Grid Computing (CCGrid), 2014 14th IEEE/ACM International Symposium on},
  pages={445--454},
  year={2014},
  organization={IEEE}
}